<record xmlns="http://www.loc.gov/MARC21/slim">
   <leader>01554cam a2200337   4500</leader>
   <controlfield tag="001">1398879</controlfield>
   <controlfield tag="008">910829s1985    onc          f    0 eng c</controlfield>
   <datafield ind1=" " ind2=" " tag="035">
      <subfield code="a">ocm70350892</subfield>
   </datafield>
   <datafield ind1=" " ind2=" " tag="040">
      <subfield code="b">eng</subfield>
   </datafield>
   <datafield ind1="0" ind2=" " tag="041">
      <subfield code="a">engrus</subfield>
   </datafield>
   <datafield ind1=" " ind2=" " tag="043">
      <subfield code="a">e-ure--</subfield>
   </datafield>
   <datafield ind1=" " ind2=" " tag="049">
      <subfield code="a">AEU</subfield>
      <subfield code="b">eng</subfield>
   </datafield>
   <datafield ind1=" " ind2="3" tag="055">
      <subfield code="a">DK 758</subfield>
   </datafield>
   <datafield ind1=" " ind2=" " tag="080">
      <subfield code="a">391:(*50) IVA</subfield>
   </datafield>
   <datafield ind1=" " ind2=" " tag="090">
      <subfield code="a">DK 758 I93 E5 1985</subfield>
      <subfield code="b">AEU</subfield>
   </datafield>
   <datafield ind1="1" ind2=" " tag="100">
      <subfield code="a">Ivanov, S. V.</subfield>
   </datafield>
   <datafield ind1="1" ind2="0" tag="240">
      <subfield code="a">Ornament narodov Sibiri kak istoricheskii istochnik.</subfield>
      <subfield code="l">English.</subfield>
   </datafield>
   <datafield ind1="1" ind2="0" tag="245">
      <subfield code="a">Decorative patterns of the Siberian natives as a historical source :</subfield>
      <subfield code="b">according to materials of the 19th and early 20th centuries : northern and far eastern peoples /</subfield>
      <subfield code="c">S.V. Ivanov.</subfield>
   </datafield>
   <datafield ind1=" " ind2=" " tag="260">
      <subfield code="a">Ottawa :</subfield>
      <subfield code="b">Secretary of State, Translation Bureau,</subfield>
      <subfield code="c">1985.</subfield>
   </datafield>
   <datafield ind1=" " ind2=" " tag="300">
      <subfield code="a">39 leaves :</subfield>
      <subfield code="b">ill. ;</subfield>
      <subfield code="c">28 cm.</subfield>
   </datafield>
   <datafield ind1=" " ind2=" " tag="336">
      <subfield code="a">text</subfield>
      <subfield code="b">txt</subfield>
      <subfield code="2">rdacontent</subfield>
   </datafield>
   <datafield ind1=" " ind2=" " tag="337">
      <subfield code="a">unmediated</subfield>
      <subfield code="b">n</subfield>
      <subfield code="2">rdamedia</subfield>
   </datafield>
   <datafield ind1=" " ind2=" " tag="338">
      <subfield code="a">volume</subfield>
      <subfield code="b">nc</subfield>
      <subfield code="2">rdacarrier</subfield>
   </datafield>
   <datafield ind1=" " ind2=" " tag="500">
      <subfield code="a">Translation of Ornament narodov Sibiri kak istoricheskii istochnik.</subfield>
   </datafield>
   <datafield ind1=" " ind2=" " tag="520">
      <subfield code="a">Translations from Russian of selected passages of description of ornament and patterns used on clothing, tools and other artifacts made by native peoples (Small Peoples) of Siberia.</subfield>
   </datafield>
   <datafield ind1=" " ind2=" " tag="596">
      <subfield code="a">48</subfield>
   </datafield>
   <datafield ind1=" " ind2="0" tag="650">
      <subfield code="a">Clothing and dress</subfield>
      <subfield code="z">Russia (Federation)</subfield>
      <subfield code="z">Siberia.</subfield>
   </datafield>
   <datafield ind1=" " ind2="0" tag="650">
      <subfield code="a">Costume</subfield>
      <subfield code="z">Russia (Fedreation)</subfield>
      <subfield code="z">Siberia.</subfield>
   </datafield>
   <datafield ind1=" " ind2="0" tag="650">
      <subfield code="a">Yuit Eskimos</subfield>
      <subfield code="z">Russia (Federation)</subfield>
      <subfield code="z">Siberia</subfield>
      <subfield code="x">Costume and adornment.</subfield>
   </datafield>
   <datafield ind1=" " ind2="0" tag="650">
      <subfield code="a">Indigenous peoples</subfield>
      <subfield code="z">Russia (Federation)</subfield>
      <subfield code="z">Siberia.</subfield>
   </datafield>
   <datafield ind1=" " ind2=" " tag="926">
      <subfield code="a">DK 758 I93 E5 1985</subfield>
      <subfield code="w">LC</subfield>
      <subfield code="c">1</subfield>
      <subfield code="i">000037557725</subfield>
      <subfield code="d">4/24/1996</subfield>
      <subfield code="f">9/24/1997</subfield>
      <subfield code="l">POLAR</subfield>
      <subfield code="m">UASCITECH</subfield>
      <subfield code="n">1</subfield>
      <subfield code="p">$150.00</subfield>
      <subfield code="r">Y</subfield>
      <subfield code="s">Y</subfield>
      <subfield code="t">BOOK</subfield>
      <subfield code="u">9/11/1991</subfield>
   </datafield>
</record>
